@misc{projectplan,
    author={S. Gabriel, J. Jonker, A. Veciana, J. Van Der Schaaf, S. Oyediran, J. Schlief, D.T. Nguyen, J. Van Liefland, N. Mathur, J. Ringoot},
    title={Fields and waves project plan},
    url={https://www.overleaf.com/4227981kshsfs#/12501472/},
   publisher={University of Twente},
    year={2016}
}

@misc{dipoleimg,
    author={Star Antenna Communication Electronic},
    title={Folded dipole image},
    url={http://www.starantenna.com/product-detail.asp?id=25},
    year={2015}
}
@article{impedancetransf,
  title={Impedance transformation in folded dipoles},
  author={Guertler, Rudolf},
  journal={Proceedings of the IRE},
  volume={38},
  number={9},
  pages={1042--1047},
  year={1950},
  publisher={IEEE}
}
@misc{folded,
    author={Antenna-Theory},
    title={The Folded Dipole Antenna},
    url={http://www.antenna-theory.com/antennas/foldeddipole.php},
    year={2009-2016}
}
@misc{VSWR,
    author={Antenna-Theory},
    title={Transmission Lines: Reflection Coefficient and VSWR},
    url={http://www.antenna-theory.com/tutorial/txline/transmission3.php},
    year={2009-2016}
}
@misc{basics,
    author={David J. Jefferies},
    title={Radiation Impedances
of Wire and Rod Antennas},
    url={http://personal.ee.surrey.ac.uk/Personal/D.Jefferies/antennexarticles/radimp.htm},
    year={2003}
}
@misc{foldeddipolebasics,
    author={Dr. J. Patrick Donohoe},
    title={ECE 4313/6313 Antennas Chapter 9},
    url={http://my.ece.msstate.edu/faculty/donohoe/ece4990notes9.pdf},
    year={2003}
}
@misc{modes,
    author={Prof. Natalia K. Nikolova},
    title={LECTURE 10: Other Practical Dipole/Monopole Geometries.
Matching Techniques for Dipole/Monopole Feeds},
    url={http://educypedia.karadimov.info/library/tr003.pdf},
    year={2003}
}
@article{oldimpedance,
  title={On the accuracy of the transmission line model of the folded dipole},
  author={Thiele, GA and Ekelman Jr, EP and Henderson, LW},
  journal={Antennas and Propagation, IEEE Transactions on},
  volume={28},
  number={5},
  pages={700--703},
  year={1980},
  publisher={IEEE}
}

@article{1_vetharatnam_rashidifar_2015,
author={Vetharatnam, Gobi and Rashidifar, Ali},
title={Comparison between microstrip and dipole antenna backed by a corner reflector},
volume={29},
DOI={10.1080/09205071.2015.1035808},
number={9},
journal={Journal of Electromagnetic Waves and Applications},
year={2015},
pages={1194-1205}
},

%[J3]
@article{3_klopfenstein_1957,
author={Klopfenstein, R.},
title={Corner reflector antennas with arbitrary dipole orientation and apex angle},
volume={5},
DOI={10.1109/tap.1957.1144511},
number={3},
journal={IRE Trans. Antennas Propag.},
year={1957},
pages={297-305}
},

%[J4]
@article{4_ng_lee_1982,
author={Ng, T.S. and Lee, K.F.},
title={Theory of corner-reflector antenna with tilted dipole},
volume={129},
DOI={10.1049/ip-h-1.1982.0003},
number={1},
journal={IEE Proceedings H Microwaves, Optics and Antennas},
year={1982},
pages={11}
},

%[J6]
@misc{6_bevelacqua_2016,
author={Bevelacqua, Pete},
title={Antenna-Theory.com - Corner Reflector Antenna},
url={http://www.antenna-theory.com/antennas/reflectors/cornerReflector.php},
urldate={2016-3-9},
journal={Antenna-theory.com},
year={2016}
}

@article{transmissionline,
  title={Derivation of the transmission-line equations from linear-antenna theory},
  author={Harrison Jr, Charles W},
  journal={Antennas and Propagation Magazine, IEEE},
  volume={36},
  number={6},
  pages={33--34},
  year={1994},
  publisher={IEEE}
}

@misc{EEP,
    author={Edvard Csyani},
    title={Transmission Lines: Reflection Coefficient and VSWR},
    url={http://electrical-engineering-portal.com/resistive-heating-explained-in-details},
    year={2011}
}

@misc{Tibtech,
    author={TIBTECH Innovations},
    title={Properties table of Stainless steel, Metals and other Conductive materials},
    url={http://www.tibtech.com/conductivity.php},
    year={2011}
}

@misc{Goud,
    author={Gold Price},
    title={Gold Price},
    url={http://goldprice.org/},
    year={2016}
}

@misc{KopAlu,
    author={Investmine},
    title={Prices and Price charts},
    url={http://www.infomine.com},
    year={2015}
}

@misc{FEED,
    author={Michael Martens},
    title={What type of feedline coax should I use for my antenna},
    url={http://www.jpole-antenna.com/2013/01/12/what-type-of-feedline-coax-should-i-use-for-my-antenna/},
    year={2013}
}
@misc{Aspherical,
    author={Dirac Delta Consultants},
    title={Spherical coordinates},
    url={http://www.diracdelta.co.uk/science/source/s/p/spherical%20coordinates/source.html},
    year={2016}
}

@misc{hertzian,
    author={Kabir MH, Ashrafuzzaman K, Chowdhury MS, Kwak KS},
    title={Hertzian dipole},
    url={openi.nlm.nih.gov},
    year={2010}
}

@Book{Cheng,
 author    = "David K. Cheng",
 title     = "Field and Wave Electromagnetics",
 publisher = "Pearson",
 year      =  2014,
 edition   = "Second edition, Pearson new international"
}

@article{cornell,
  title={Antennas and Radiation and the Hertzian Dipole},
  author={Farhan Rana},
  year={2005},
  note={Cornell University},
}

@Book{griffits,
 author    = "David J. Griffiths",
 title     = "Introduction to Electrodynamics",
 publisher = "Pearson",
 year      =  2013,
 edition   = "Fourth"
}

@misc{hert,
    author={MIT OpenCourseWare},
    title={6.013 Electromagnetics and Applications},
    url={openi.nlm.nih.gov},
    year={2009}
}

@misc{figure_of_antenna,
    author={RFI Wireless},
    title={UHF Corner Reflector 800 to 960MHz},
    url={rfiwireless.com.au},
    year={2016}
}

@misc{figure_balun,
    author={Mike Smith},
    title={Amateur Radio},
    url={http://www.mds975.co.uk/Content/amateur_radio_antennas.html},
    year={2003-2016}
}

@misc{figure_Waveprop, 
	author = {Wikipedia},
    title={Electric fields of a radiating vertical half-wave dipole antenna},
    url ={https://en.wikipedia.org/wiki/Dipole_antenna#/media/File:Dipole_xmting_antenna_animation_4_408x318x150ms.gif}
}