% This file was created with JabRef 2.6.


@MISC{araujo:2015:classe_abnt2,
title = {Classe ABNT2: Documentos técnicos e científicos brasileiros
compatíveis com as normas ABNT Vers\~ao 1.9.5},
author = {Lauro César Araujo},
year = {2015},
url = {http://mirrors.rit.edu/CTAN/macros/latex/contrib/abntex2/doc/abntex2.pdf},
urlaccessdate = {29/09/2015}
}

@MISC{janos:2005:algpseudocode,
month = {Abril},
year = {2005},
url = {http://www.tug.org/texlive/Contents/live/texmf-dist/doc/latex/algorithmicx/algorithmicx.pdf},
urlaccessdate = {29/03/2011},
author = {Sz\'asz J\'anos},
owner = {marcos},
timestamp = {2011.03.29},
title = {The algorithmicx package}
}

@MISC{cassagojr:1997:amslatex,
year = {1997},
url = {http://www.icmc.usp.br/~sma/suporte/Ams-manual.pdf},
urlaccessdate = {30/03/2011},
author = {Herminio Cassago Junior and Luiz Carlos Franco},
owner = {marcos},
timestamp = {2011.03.30},
title = {AMS-Latex}
}

@MISC{moses:2006:listings,
year = {2006},
url = {http://ftp.tex.ac.uk/tex-archive/macros/latex/contrib/listings/listings.pdf},
urlaccessdate = {29/03/2011},
author = {Brooks Moses},
owner = {marcos},
timestamp = {2011.03.29},
title = {The Listings Package}
}

@INBOOK{silva:inbook,
booktitle={Hist\'oria do Amap\'a, {1$^o$} grau},
chapter={3},
edition={2},
pages={15-24},
publisher={Valcan Editora},
title={A coloniza{\c c}\~ao da terra do {T}ucuj\'us},
year={1997},
author={R. E. Chen and J. S. Silva and M. Marra},
address={Macap\'a},
}



@INCOLLECTION{silva:incollection,
author = {Jos\'e Silva and Maria Marra and Vinicius Correia},
address={São Paulo},
booktitle={Agent Technology: Foundations, Applications, and Markets},
editor={N. R. Jennings and M. J. Wooldridge},
pages={3-28},
publisher={Springer},
title={Applications of Intelligent Agents},
year = {2009},
}


@INPROCEEDINGS{silva:inproceedings,
author = {Juliando Maia and Jos\'e Silva},
address={S\~ao Paulo},
booktitle={Anais...},
conference-year={1994},
conference-location={S\~ao Paulo},
organization={9º Simp\'osio Brasileiro de Banco de Dados},
pages={16-29},
publisher={USP},
title={Incorpora{\c c}\~ao do tempo em vida orientado a correr},
year={1999}
}


@MASTERSTHESIS{silva:master,
address={S\~ao Paulo},
author={U. A. M. Ara\'ujo},
pages={102},
pagename={f.},
school={Funda{\c c}\~ao Escola de Sociologia Pol{\'\i}tica de S\~ao Paulo},
subtitle={possibilidade de estudo de artefatos de museu para o conhecimento do
universo ind{\'\i}gena},
title={M\'ascaras inteiri{\c c}as Tuk\'una},
type={Mestrado em Ci\^encias Sociais},
year={1986}
}

@phdthesis{barcelos1998,
address={Campinas},
author={Manuel Barcelos},
pages={160},
pagename={f.},
school={Faculdade de Engenharia de Alimentos, Universidade Estadual de
Campinas},
title={Ensaio tecnol\'ogico, bioqu{\'\i}mico e sensorial de soja e gandu
enlatados no est\'agio verde e matura{\c c}\~ao de colheita},
type={Doutorado em Nutri{\c c}\~ao},
year={1998}
}

@MONOGRAPHY{silva:monography,
author = {Juliano Marreco and Jos\'e Silva},
address={S\~ao Paulo},
pages={51},
pagename={f.},
school={Faculdade de Odontologia, Universidade Camilo Castelo Branco},
title={Reimplante das vias da boca},
type={Especializa{\c c}\~ao},
year={1995}
}

@TECHREPORT{silva:tech,
address={Rio de Janeiro},
organization={Biblioteca Nacional {(Brasil)}},
pages={40},
subtitle={o ano de 1984},
title={Relat\'orio da diretoria-geral},
year={1985}
}


@ARTICLE{silva:artigo,
author = {Jos\'e Silva and Maria Silva and Marcos Messias and Valmir Antonio and Juca Silva},
title = {O equivalente em carbonato de c\'alcio dos corretivos da acidez dos solos},
journal = {Scientia Agricola},
year = {2012},
volume = {8},
number = {2/3},
pages = {37-48},
owner = {marcos},
timestamp = {05/06/2012}
}


@ARTICLE{artigo1,
author = {Maria Marra and Marcos Messias and Valmir Antonio and Juca Silva},
title = {Terapia de reabilita{\c c}\~ao psicossocial: uma vida melhor},
journal = {Revista de Terapia Ocupacional da Universidade de S\~ao Paulo},
year = {2014},
volume = {4},
number = {2},
pages = {37-48},
}

@BOOKLET{silva:booklet,
address={Bras{\'i}lia, DF},
edition={2},
organization={IBICT},
pages={41},
title={Manual de normas de editora{\c c}\~ao do {IBICT}},
year={1993}
}


@MANUAL{silveira:2006:manual_tcc,
title = {Manual de Normalização para Apresentação de Trabalho de Conclusão
de Curso (TCC)},
author = {Simoni J\'ulia da Silveira},
organization = {Centro Federal de Educa{\c c}\~ao Tecnol\'ogica de Bambu\'i},
address = {Bambuí},
year = {2006},
owner = {marcos},
timestamp = {2011.03.23}
}

@BOOK{wazlawick:2009,
title = {Metodologia de pesquisa para a vida},
author = {Raul Sidnei and Vitoria de Maria},
publisher = {Elsevier},
year = {2009},
address = {Rio de Janeiro},
}

@manual{NBR6023:2000,
address={Rio de Janeiro},
month={ago.},
organization={Associa{\c c}\~ao Brasileira de Normas T\'ecnicas},
org-short={ABNT},
pages={22},
subtitle={Informa{\c c}\~ao e documenta{\c c}\~ao --- Refer\^encias ---
Elabora{\c c}\~ao},
title={{NBR} 6023},
year={2000}
}

@MISC{wikipedia:2011:america_sul,
year = {2011},
url = {http://pt.wikipedia.org/wiki/América do Sul},
urlaccessdate = {23/03/2011},
author = {Wikip\'edia},
owner = {marcos},
timestamp = {2011.03.23},
title = {Am\'erica do Sul}
}

@book{brasil1998,
note={{N}\~ao \’e admiss{\’\i}vel por ato administrativo restringir, em raz\~ao
de idade, inscri{\c c}\~ao em concurso para cargo p\’ublico},
organization={Brasil. {Supremo Tribunal Federal}},
title={S\’umula n{$^o$}14},
url={http://www.truenetm.com.br/jurisnet/sumusSTF.html},
urlaccessdate={29 nov. 1998}
}

@patent{cruvinel1989,
author={Paulo Estev{\~a}o Cruvinel},
howpublished={26 junho 1989, 30 maio 1995},
year = {1995},
number={BR n. PI 8903105-9},
organization={Embrapa. {Unidade de Apoio, Pesquisa e Desenvolvimento de Instrumentação Agropecu\'aria (S\~ao Carlos)}},
title={Medidor digital multisensorial de temperatura para solos}
}

@book{mendonca:2005,
author="Leda Moreira Nunes Mendon{\c c}a",
title={Guia para apresentação de trabalhos acadêmicos na {UFG}},
address={Goiania},
publisher={Editora UFG},
year={2005},
}

@book{mendonca:2006,
author="Leda Moreira Nunes Mendon{\c c}a",
title={Guia para apresentação de trabalhos acadêmicos na {UFG} 2},
address={Goiania},
publisher={Editora UFG},
year={2006},
}

@comment{jabref-entrytype: Monography: req[author;title;type;school;year;address] opt[pages;pagename;url;urlaccessdate;note]}

